@ARTICLE{schwarzschild1916,
  author  = {Schwarzschild, K},
  title   = {\"{U}ber das Gravitationsfeld eines Massenpunktes nach der Einsteinschen Theorie},
  journal = {Sitzungsberichte der K\"{o}niglich Preussischen Akademie der Wissenschaften},
  volume  = {7},
  year    = {1916},
  pages   = {189--196}
}

@ARTICLE{kerr1963,
  author  = {Kerr, R P},
  title   = {Gravitational Field of a Spinning Mass as an Example of Algebraically Special Metrics},
  journal = {Physical Review Letters},
  volume  = {11},
  number  = {5},
  year    = {1963},
  pages   = {237--238}
}
                  
@ARTICLE{abramowicz1992,
  author  = {Abramowicz, M A},
  title   = {Relativity of inwards and outwards: an example},
  journal = {Monthly Notices of the Royal Astronomical Society},
  volume  = {256},
  year    = {1992},
  pages   = {710--718}
}
