@ARTICLE{schwarzschild1916,
  author  = {Schwarzschild, K},
  title   = {\"{U}ber das Gravitationsfeld eines Massenpunktes nach der Einsteinschen Theorie},
  journal = {Sitzungsberichte der K\"{o}niglich Preussischen Akademie der Wissenschaften},
  volume  = {7},
  year    = {1916},
  pages   = {189--196}
}

@ARTICLE{kerr1963,
  author  = {Kerr, R P},
  title   = {Gravitational Field of a Spinning Mass as an Example of Algebraically Special Metrics},
  journal = {Physical Review Letters},
  volume  = {11},
  number  = {5},
  year    = {1963},
  pages   = {237--238}
}
                  
@ARTICLE{abramowicz1992,
  author  = {Abramowicz, M A},
  title   = {Relativity of inwards and outwards: an example},
  journal = {Monthly Notices of the Royal Astronomical Society},
  volume  = {256},
  year    = {1992},
  pages   = {710--718}
}

@ARTICLE{flamm1916,
  author  = {Flamm, L},
  title   = {Beitr\"{a}ge zur {E}instein'schen Gravitationstheorie},
  journal = {Physikalische Zeitschrift},
  volume  = {17},
  year    = {1916},
  pages   = {448}}

@MastersThesis{nguyen2007,
  author = 	 {H. X. Nguyen},
  title = 	 {A study of the generalized catenary problem},
  school = 	 {University of Tennessee, Knoxfille},
  year = 	 {2007}
  }

@Article{soetart2010,
    title = {Solving Differential Equations in {R}: Package {deSolve}},
    author = {Karline Soetaert and Thomas Petzoldt and R. Woodrow Setzer},
    journal = {Journal of Statistical Software},
    volume = {33},
    number = {9},
    pages = {1--25},
    year = {2010},
    coden = {JSSOBK},
    issn = {1548-7660},
    url = {http://www.jstatsoft.org/v33/i09},
    doi = {10.18637/jss.v033.i09},
    keywords = {ordinary differential equations, partial differential
    equations, differential algebraic equations, initial value problems,
    R, FORTRAN, C},
  }

 @Manual{rcore2018,
    title = {R: A Language and Environment for Statistical Computing},
    author = {{R Core Team}},
    organization = {R Foundation for Statistical Computing},
    address = {Vienna, Austria},
    year = {2018},
    url = {https://www.R-project.org/},
  }
                  
@Article{abramowicz1993,
  author = 	 {M. A. Abramowicz and E. Szuszkiewicz},
  title = 	 {The wall of death},
  journal = 	 {American Journal of Physics},
  year = 	 {1993},
  volume =	 {61},
  number =	 {11},
  pages =	 {982-991},
  month =	 {November}
  }

@Article{abramowicz1993a,
  author = 	 {M. A. Abramowicz},
  title = 	 {Black holes and the centrifugal force paradox},
  journal = 	 {Scientific American},
  year = 	 {1993},
  volume =	 {268},
  number =	 {3},
  pages =	 {74--75},
  month =	 {March}
  }

@Book{thorne1986,
  editor =	 {K. S. Thorne and R. H. Price and D. A Macdonald},
  title = 	 {Black holes: The membrane paradigm},
  publisher = 	 {Yale University Press},
  year = 	 {1986}
}



@Article{damour1978,
  author = 	 {T. Damour},
  title = 	 {Black hole eddy currents},
  journal = 	 {Physical Review D},
  year = 	 {1978},
  volume =	 {18},
  pages =	 {3598},
  month =	 {November}
  }

