

@Article{hankin2021,
  author = 	 {Robin K. S. Hankin},
  title = 	 {Light inextensible strings (thread) under tension in the Schwarzschild metric},
  journal = 	 {The Physics Educator},
  year = 	 {2021},
  volume =	 {3},
  number =	 {2}
}


@Article{hankin2020,
  author = 	 {Robin K. S. Hankin},
  title = 	 {General relativity in R: visual representation of Schwarzschild space using different coordinate systems},
  journal = 	 {Journal of Open Source Education},
  year = 	 {2020},
  volume =	 {3},
  OPTnumber = 	 {32}
  }

